<?xml version="1.0" encoding="UTF-8"?>
<marc:collection xmlns:marc="http://www.loc.gov/MARC21/slim" xmlns:xsi="http://www.w3.org/2001/XMLSchema-instance" xsi:schemaLocation="http://www.loc.gov/MARC21/slim http://www.loc.gov/standards/marcxml/schema/MARC21slim.xsd">
   <marc:record type="Bibliographic">
      <marc:leader>00875cam a22002055a 4500</marc:leader>
      <marc:controlfield tag="001">1686904</marc:controlfield>
      <marc:controlfield tag="003">NjP</marc:controlfield>
      <marc:controlfield tag="005">20100809141413.0</marc:controlfield>
      <marc:controlfield tag="008">990108s1870    ua            000 0 ara d</marc:controlfield>
      <marc:datafield tag="024" ind1="7" ind2=" ">
         <marc:subfield code="a">princeton_aco001236</marc:subfield>
         <marc:subfield code="2">local</marc:subfield>
      </marc:datafield>
      <marc:datafield tag="035" ind1=" " ind2=" ">
         <marc:subfield code="a">(OCoLC)ocm40593031</marc:subfield>
      </marc:datafield>
      <marc:datafield tag="035" ind1=" " ind2=" ">
         <marc:subfield code="9">CFL0220TS</marc:subfield>
      </marc:datafield>
      <marc:datafield tag="040" ind1=" " ind2=" ">
         <marc:subfield code="a">CUD</marc:subfield>
         <marc:subfield code="c">CUD</marc:subfield>
         <marc:subfield code="d">OCL</marc:subfield>
         <marc:subfield code="d">PUL</marc:subfield>
      </marc:datafield>
      <marc:datafield tag="100" ind1="1" ind2=" ">
         <marc:subfield code="a">Qushayrī, ʻAbd al-Karīm ibn Hawāzin,</marc:subfield>
         <marc:subfield code="d">986-1072.</marc:subfield>
      </marc:datafield>
      <marc:datafield tag="245" ind1="1" ind2="3">
         <marc:subfield code="a">al-Risālah al-Qushayrīyah fī ʻilm al-taṣawwuf /</marc:subfield>
         <marc:subfield code="c">li-Abī al-Qāsim ʻAbd al-Karīm ibn Hawāzin al-Qushayrī. Wa-ʻalayhā hawāmish min sharḥ Shaykh al-Islām Zakarīyā al-Anṣārī.</marc:subfield>
      </marc:datafield>
      <marc:datafield tag="260" ind1=" " ind2=" ">
         <marc:subfield code="a">al-Qāhirah :</marc:subfield>
         <marc:subfield code="b">Dār al-Ṭibāʻah al-ʻĀmirah,</marc:subfield>
         <marc:subfield code="c">1287 [1870]</marc:subfield>
      </marc:datafield>
      <marc:datafield tag="300" ind1=" " ind2=" ">
         <marc:subfield code="a">4, 219 p. ;</marc:subfield>
         <marc:subfield code="c">28 cm.</marc:subfield>
      </marc:datafield>
      <marc:datafield tag="650" ind1=" " ind2="0">
         <marc:subfield code="a">Sufism.</marc:subfield>
      </marc:datafield>
      <marc:datafield tag="700" ind1="1" ind2=" ">
         <marc:subfield code="a">Anṣārī, Zakarīyā ibn Muḥammad,</marc:subfield>
         <marc:subfield code="d">ca. 1423-ca. 1520.</marc:subfield>
      </marc:datafield>
      <marc:datafield tag="852" ind1="0" ind2=" ">
         <marc:subfield code="b">nec</marc:subfield>
         <marc:subfield code="h">BP188.9</marc:subfield>
         <marc:subfield code="i">.Q743 1870</marc:subfield>
         <marc:subfield code="p">1943674</marc:subfield>
         <marc:subfield code="x">reclassed from: 2274.068.377.1870</marc:subfield>
      </marc:datafield>
      <marc:datafield tag="947" ind1=" " ind2=" ">
         <marc:subfield code="a">CFL0220</marc:subfield>
      </marc:datafield>
      <marc:datafield tag="911" ind1=" " ind2=" ">
         <marc:subfield code="a">20000130</marc:subfield>
      </marc:datafield>
   </marc:record>
</marc:collection>
